@misc{gltf, title={glTF - Runtime 3D Asset Delivery}, url={https://www.khronos.org/gltf}, journal={The Khronos Group}, publisher={Khronos Group}}

@misc{quilez, title={Inigo Quilez :: fractals, computer graphics, mathematics, demoscene and more}, url={http://iquilezles.org/www/articles/distfunctions/distfunctions.htm}, journal={Inigo Quilez :: fractals, computer graphics, mathematics, demoscene and more}, author={Quilez, Inigo}}

@misc{shadertoy, title={Shadertoy BETA}, url={https://shadertoy.com/}, journal={Shadertoy BETA}, author={Beautypi}}

@misc{nces, title={Bachelor's degrees conferred by degree-granting institutions, by race/ethnicity and sex of student: Selected years, 1976-77 through 2010-11}, url={https://nces.ed.gov/programs/digest/d12/tables/dt12_328.asp}, journal={Bachelor's degrees conferred by degree-granting institutions, by race/ethnicity and sex of student: Selected years, 1976-77 through 2010-11}, publisher={NCES}}

@ARTICLE{forte, 
author={A. Forte and M. Guzdial}, 
journal={IEEE Transactions on Education}, 
title={Motivation and nonmajors in computer science: identifying discrete audiences for introductory courses}, 
year={2005}, 
volume={48}, 
number={2}, 
pages={248-253}, 
keywords={computer science education;educational courses;educational institutions;Georgia Institute of Technology;classroom culture;computer science course;context;discrete audience identification;language choice;programming;Computer science;Computer science education;Educational programs;Educational technology;Information science;Programming profession;Technological innovation;Usability;Utility programs;Visualization;Classroom culture;computer science (CS);motivation;nonmajors;programming}, 
doi={10.1109/TE.2004.842924}, 
ISSN={0018-9359}, 
month={May},}